%YAML 1.1
%TAG !u! tag:unity3d.com,2011:
--- !u!114 &8170633753820337214
MonoBehaviour:
  m_ObjectHideFlags: 0
  m_CorrespondingSourceObject: {fileID: 0}
  m_PrefabInstance: {fileID: 0}
  m_PrefabAsset: {fileID: 0}
  m_GameObject: {fileID: 162693694038396361}
  m_Enabled: 1
  m_EditorHideFlags: 0
  m_Script: {fileID: 11500000, guid: 4ab263b0b8d44614a98d797f011a2b44, type: 3}
  m_Name: 
  m_EditorClassIdentifier: 
  damage: 10
  range: 100
  fireRate: 15
  impactForce: 30
  maxAmmo: 10
  reloadTime: 1
  fpsCam: {fileID: 8170633753146341771}
  MuzzleFlash: {fileID: 8170633752841519001}
  impactEffect: {fileID: 8170633752697911017}
  animator: {fileID: 8170633753010852611}
--- !u!114 &8170633752399843960
MonoBehaviour:
  m_ObjectHideFlags: 0
  m_CorrespondingSourceObject: {fileID: 0}
  m_PrefabInstance: {fileID: 0}
  m_PrefabAsset: {fileID: 0}
  m_GameObject: {fileID: 162693694335900656}
  m_Enabled: 1
  m_EditorHideFlags: 0
  m_Script: {fileID: 11500000, guid: 4ab263b0b8d44614a98d797f011a2b44, type: 3}
  m_Name: 
  m_EditorClassIdentifier: 
  damage: 10
  range: 100
  fireRate: 15
  impactForce: 30
  maxAmmo: 10
  reloadTime: 1
  fpsCam: {fileID: 8170633753146341771}
  MuzzleFlash: {fileID: 8170633752715048441}
  impactEffect: {fileID: 8170633753761490623}
  animator: {fileID: 8170633753010852611}
--- !u!114 &8170633753027162953
MonoBehaviour:
  m_ObjectHideFlags: 0
  m_CorrespondingSourceObject: {fileID: 0}
  m_PrefabInstance: {fileID: 0}
  m_PrefabAsset: {fileID: 0}
  m_GameObject: {fileID: 162693695267360921}
  m_Enabled: 1
  m_EditorHideFlags: 0
  m_Script: {fileID: 11500000, guid: 4ab263b0b8d44614a98d797f011a2b44, type: 3}
  m_Name: 
  m_EditorClassIdentifier: 
  damage: 10
  range: 100
  fireRate: 15
  impactForce: 30
  maxAmmo: 10
  reloadTime: 1
  fpsCam: {fileID: 8170633753146341771}
  MuzzleFlash: {fileID: 8170633753672951480}
  impactEffect: {fileID: 8170633753011969756}
  animator: {fileID: 8170633753010852611}
--- !u!1 &8170633753010852608
GameObject:
  m_ObjectHideFlags: 0
  m_CorrespondingSourceObject: {fileID: 0}
  m_PrefabInstance: {fileID: 0}
  m_PrefabAsset: {fileID: 0}
  serializedVersion: 6
  m_Component:
  - component: {fileID: 8170633753010852609}
  - component: {fileID: 8170633753010852610}
  - component: {fileID: 8170633753010852611}
  m_Layer: 0
  m_Name: Weapon Holder
  m_TagString: Untagged
  m_Icon: {fileID: 0}
  m_NavMeshLayer: 0
  m_StaticEditorFlags: 0
  m_IsActive: 1
--- !u!4 &8170633753010852609
Transform:
  m_ObjectHideFlags: 0
  m_CorrespondingSourceObject: {fileID: 0}
  m_PrefabInstance: {fileID: 0}
  m_PrefabAsset: {fileID: 0}
  m_GameObject: {fileID: 8170633753010852608}
  m_LocalRotation: {x: 0, y: 0, z: 0, w: 1}
  m_LocalPosition: {x: 0, y: 0, z: 0}
  m_LocalScale: {x: 1, y: 1, z: 1}
  m_Children:
  - {fileID: 3754129438116954074}
  - {fileID: 3754129438346881507}
  - {fileID: 3754129436879725194}
  m_Father: {fileID: 8170633753144731531}
  m_RootOrder: 0
  m_LocalEulerAnglesHint: {x: 0, y: 0, z: 0}
--- !u!114 &8170633753010852610
MonoBehaviour:
  m_ObjectHideFlags: 0
  m_CorrespondingSourceObject: {fileID: 0}
  m_PrefabInstance: {fileID: 0}
  m_PrefabAsset: {fileID: 0}
  m_GameObject: {fileID: 8170633753010852608}
  m_Enabled: 1
  m_EditorHideFlags: 0
  m_Script: {fileID: 11500000, guid: 4af97be0f3527fa40886d0251a734f34, type: 3}
  m_Name: 
  m_EditorClassIdentifier: 
  selectedWeapon: 0
--- !u!95 &8170633753010852611
Animator:
  serializedVersion: 3
  m_ObjectHideFlags: 0
  m_CorrespondingSourceObject: {fileID: 0}
  m_PrefabInstance: {fileID: 0}
  m_PrefabAsset: {fileID: 0}
  m_GameObject: {fileID: 8170633753010852608}
  m_Enabled: 1
  m_Avatar: {fileID: 0}
  m_Controller: {fileID: 9100000, guid: 372d904e9ef14f244baa47928f0e8892, type: 2}
  m_CullingMode: 0
  m_UpdateMode: 0
  m_ApplyRootMotion: 0
  m_LinearVelocityBlending: 0
  m_WarningMessage: 
  m_HasTransformHierarchy: 1
  m_AllowConstantClipSamplingOptimization: 1
  m_KeepAnimatorControllerStateOnDisable: 0
--- !u!1 &8170633753144966061
GameObject:
  m_ObjectHideFlags: 0
  m_CorrespondingSourceObject: {fileID: 0}
  m_PrefabInstance: {fileID: 0}
  m_PrefabAsset: {fileID: 0}
  serializedVersion: 6
  m_Component:
  - component: {fileID: 8170633753144731529}
  - component: {fileID: 8170633753150249163}
  - component: {fileID: 8170633753157941259}
  - component: {fileID: 8170633753155718735}
  m_Layer: 0
  m_Name: Modified_RigidBodyFPSController
  m_TagString: Untagged
  m_Icon: {fileID: 0}
  m_NavMeshLayer: 0
  m_StaticEditorFlags: 0
  m_IsActive: 1
--- !u!4 &8170633753144731529
Transform:
  m_ObjectHideFlags: 0
  m_CorrespondingSourceObject: {fileID: 0}
  m_PrefabInstance: {fileID: 0}
  m_PrefabAsset: {fileID: 0}
  m_GameObject: {fileID: 8170633753144966061}
  m_LocalRotation: {x: 0, y: 1, z: 0, w: -0.00000016292068}
  m_LocalPosition: {x: 0, y: 0, z: 0}
  m_LocalScale: {x: 1, y: 1, z: 1}
  m_Children:
  - {fileID: 8170633753144731531}
  m_Father: {fileID: 0}
  m_RootOrder: 0
  m_LocalEulerAnglesHint: {x: 0, y: 0, z: 0}
--- !u!54 &8170633753150249163
Rigidbody:
  m_ObjectHideFlags: 0
  m_CorrespondingSourceObject: {fileID: 0}
  m_PrefabInstance: {fileID: 0}
  m_PrefabAsset: {fileID: 0}
  m_GameObject: {fileID: 8170633753144966061}
  serializedVersion: 2
  m_Mass: 10
  m_Drag: 0
  m_AngularDrag: 0.05
  m_UseGravity: 1
  m_IsKinematic: 0
  m_Interpolate: 0
  m_Constraints: 112
  m_CollisionDetection: 0
--- !u!136 &8170633753157941259
CapsuleCollider:
  m_ObjectHideFlags: 0
  m_CorrespondingSourceObject: {fileID: 0}
  m_PrefabInstance: {fileID: 0}
  m_PrefabAsset: {fileID: 0}
  m_GameObject: {fileID: 8170633753144966061}
  m_Material: {fileID: 13400000, guid: c2815a7ab32e42c4bb42f59caacb8ec1, type: 2}
  m_IsTrigger: 0
  m_Enabled: 1
  m_Radius: 0.5
  m_Height: 1.6
  m_Direction: 1
  m_Center: {x: 0, y: 0, z: 0}
--- !u!114 &8170633753155718735
MonoBehaviour:
  m_ObjectHideFlags: 0
  m_CorrespondingSourceObject: {fileID: 0}
  m_PrefabInstance: {fileID: 0}
  m_PrefabAsset: {fileID: 0}
  m_GameObject: {fileID: 8170633753144966061}
  m_Enabled: 1
  m_EditorHideFlags: 0
  m_Script: {fileID: 11500000, guid: 81c9795a96c094f4cbde4d65546aa9b2, type: 3}
  m_Name: 
  m_EditorClassIdentifier: 
  cam: {fileID: 8170633753146341771}
  movementSettings:
    ForwardSpeed: 8
    BackwardSpeed: 4
    StrafeSpeed: 4
    RunMultiplier: 2
    RunKey: 304
    JumpForce: 50
    SlopeCurveModifier:
      serializedVersion: 2
      m_Curve:
      - serializedVersion: 3
        time: -90
        value: 1
        inSlope: 0
        outSlope: 0
        tangentMode: 0
        weightedMode: 0
        inWeight: 0.33333334
        outWeight: 0.33333334
      - serializedVersion: 3
        time: 0
        value: 1
        inSlope: 0
        outSlope: 0
        tangentMode: 0
        weightedMode: 0
        inWeight: 0.33333334
        outWeight: 0.33333334
      - serializedVersion: 3
        time: 90
        value: 0
        inSlope: 0
        outSlope: 0
        tangentMode: 0
        weightedMode: 0
        inWeight: 0.33333334
        outWeight: 0.33333334
      m_PreInfinity: 2
      m_PostInfinity: 2
      m_RotationOrder: 4
    CurrentTargetSpeed: 8
  mouseLook:
    XSensitivity: 2
    YSensitivity: 2
    clampVerticalRotation: 1
    MinimumX: -45
    MaximumX: 90
    smooth: 1
    smoothTime: 18
    lockCursor: 1
  advancedSettings:
    groundCheckDistance: 0.1
    stickToGroundHelperDistance: 0.6
    slowDownRate: 20
    airControl: 0
    shellOffset: 0
--- !u!1 &8170633753144966063
GameObject:
  m_ObjectHideFlags: 0
  m_CorrespondingSourceObject: {fileID: 0}
  m_PrefabInstance: {fileID: 0}
  m_PrefabAsset: {fileID: 0}
  serializedVersion: 6
  m_Component:
  - component: {fileID: 8170633753144731531}
  - component: {fileID: 8170633753146341771}
  - component: {fileID: 8170633753152955819}
  - component: {fileID: 8170633753155718733}
  - component: {fileID: 8170633753156740035}
  m_Layer: 0
  m_Name: MainCamera
  m_TagString: MainCamera
  m_Icon: {fileID: 0}
  m_NavMeshLayer: 0
  m_StaticEditorFlags: 0
  m_IsActive: 1
--- !u!4 &8170633753144731531
Transform:
  m_ObjectHideFlags: 0
  m_CorrespondingSourceObject: {fileID: 0}
  m_PrefabInstance: {fileID: 0}
  m_PrefabAsset: {fileID: 0}
  m_GameObject: {fileID: 8170633753144966063}
  m_LocalRotation: {x: 0, y: 0, z: 0, w: 1}
  m_LocalPosition: {x: 0, y: 0.6, z: 0}
  m_LocalScale: {x: 1, y: 1, z: 1}
  m_Children:
  - {fileID: 8170633753010852609}
  m_Father: {fileID: 8170633753144731529}
  m_RootOrder: 0
  m_LocalEulerAnglesHint: {x: 0, y: 0, z: 0}
--- !u!20 &8170633753146341771
Camera:
  m_ObjectHideFlags: 0
  m_CorrespondingSourceObject: {fileID: 0}
  m_PrefabInstance: {fileID: 0}
  m_PrefabAsset: {fileID: 0}
  m_GameObject: {fileID: 8170633753144966063}
  m_Enabled: 1
  serializedVersion: 2
  m_ClearFlags: 1
  m_BackGroundColor: {r: 0.19215687, g: 0.3019608, b: 0.4745098, a: 0.019607844}
  m_projectionMatrixMode: 1
  m_GateFitMode: 2
  m_FOVAxisMode: 0
  m_SensorSize: {x: 36, y: 24}
  m_LensShift: {x: 0, y: 0}
  m_FocalLength: 50
  m_NormalizedViewPortRect:
    serializedVersion: 2
    x: 0
    y: 0
    width: 1
    height: 1
  near clip plane: 0.01
  far clip plane: 1000
  field of view: 60
  orthographic: 0
  orthographic size: 5
  m_Depth: 0
  m_CullingMask:
    serializedVersion: 2
    m_Bits: 4294967295
  m_RenderingPath: -1
  m_TargetTexture: {fileID: 0}
  m_TargetDisplay: 0
  m_TargetEye: 3
  m_HDR: 0
  m_AllowMSAA: 1
  m_AllowDynamicResolution: 0
  m_ForceIntoRT: 0
  m_OcclusionCulling: 1
  m_StereoConvergence: 10
  m_StereoSeparation: 0.022
--- !u!81 &8170633753152955819
AudioListener:
  m_ObjectHideFlags: 0
  m_CorrespondingSourceObject: {fileID: 0}
  m_PrefabInstance: {fileID: 0}
  m_PrefabAsset: {fileID: 0}
  m_GameObject: {fileID: 8170633753144966063}
  m_Enabled: 1
--- !u!114 &8170633753155718733
MonoBehaviour:
  m_ObjectHideFlags: 0
  m_CorrespondingSourceObject: {fileID: 0}
  m_PrefabInstance: {fileID: 0}
  m_PrefabAsset: {fileID: 0}
  m_GameObject: {fileID: 8170633753144966063}
  m_Enabled: 1
  m_EditorHideFlags: 0
  m_Script: {fileID: 11500000, guid: 83c81407209f85e4c87c0cda8b32868e, type: 3}
  m_Name: 
  m_EditorClassIdentifier: 
  Camera: {fileID: 8170633753146341771}
  motionBob:
    HorizontalBobRange: 0.1
    VerticalBobRange: 0.05
    Bobcurve:
      serializedVersion: 2
      m_Curve:
      - serializedVersion: 3
        time: 0
        value: 0
        inSlope: 0
        outSlope: 0
        tangentMode: 0
        weightedMode: 0
        inWeight: 0.33333334
        outWeight: 0.33333334
      - serializedVersion: 3
        time: 0.5
        value: 1
        inSlope: 0
        outSlope: 0
        tangentMode: 0
        weightedMode: 0
        inWeight: 0.33333334
        outWeight: 0.33333334
      - serializedVersion: 3
        time: 1
        value: 0
        inSlope: 0
        outSlope: 0
        tangentMode: 0
        weightedMode: 0
        inWeight: 0.33333334
        outWeight: 0.33333334
      - serializedVersion: 3
        time: 1.5
        value: -1
        inSlope: 0
        outSlope: 0
        tangentMode: 0
        weightedMode: 0
        inWeight: 0.33333334
        outWeight: 0.33333334
      - serializedVersion: 3
        time: 2
        value: 0
        inSlope: 0
        outSlope: 0
        tangentMode: 0
        weightedMode: 0
        inWeight: 0.33333334
        outWeight: 0.33333334
      m_PreInfinity: 2
      m_PostInfinity: 2
      m_RotationOrder: 4
    VerticaltoHorizontalRatio: 2
  jumpAndLandingBob:
    BobDuration: 0.15
    BobAmount: 0.2
  rigidbodyFirstPersonController: {fileID: 8170633753155718735}
  StrideInterval: 4
  RunningStrideLengthen: 0.722
--- !u!124 &8170633753156740035
Behaviour:
  m_ObjectHideFlags: 0
  m_CorrespondingSourceObject: {fileID: 0}
  m_PrefabInstance: {fileID: 0}
  m_PrefabAsset: {fileID: 0}
  m_GameObject: {fileID: 8170633753144966063}
  m_Enabled: 1
--- !u!1001 &8170633752297014208
PrefabInstance:
  m_ObjectHideFlags: 0
  serializedVersion: 2
  m_Modification:
    m_TransformParent: {fileID: 3754129438116954074}
    m_Modifications:
    - target: {fileID: 100006, guid: 7e9c50938e32351438a7df9ccad2f2a5, type: 3}
      propertyPath: m_Name
      value: WFX_MF Spr RIFLE1
      objectReference: {fileID: 0}
    - target: {fileID: 100006, guid: 7e9c50938e32351438a7df9ccad2f2a5, type: 3}
      propertyPath: m_IsActive
      value: 0
      objectReference: {fileID: 0}
    - target: {fileID: 400006, guid: 7e9c50938e32351438a7df9ccad2f2a5, type: 3}
      propertyPath: m_LocalPosition.x
      value: -0.0034
      objectReference: {fileID: 0}
    - target: {fileID: 400006, guid: 7e9c50938e32351438a7df9ccad2f2a5, type: 3}
      propertyPath: m_LocalPosition.y
      value: 0.0276
      objectReference: {fileID: 0}
    - target: {fileID: 400006, guid: 7e9c50938e32351438a7df9ccad2f2a5, type: 3}
      propertyPath: m_LocalPosition.z
      value: 0.0978
      objectReference: {fileID: 0}
    - target: {fileID: 400006, guid: 7e9c50938e32351438a7df9ccad2f2a5, type: 3}
      propertyPath: m_LocalRotation.x
      value: 0
      objectReference: {fileID: 0}
    - target: {fileID: 400006, guid: 7e9c50938e32351438a7df9ccad2f2a5, type: 3}
      propertyPath: m_LocalRotation.y
      value: 0
      objectReference: {fileID: 0}
    - target: {fileID: 400006, guid: 7e9c50938e32351438a7df9ccad2f2a5, type: 3}
      propertyPath: m_LocalRotation.z
      value: 0
      objectReference: {fileID: 0}
    - target: {fileID: 400006, guid: 7e9c50938e32351438a7df9ccad2f2a5, type: 3}
      propertyPath: m_LocalRotation.w
      value: 1
      objectReference: {fileID: 0}
    - target: {fileID: 400006, guid: 7e9c50938e32351438a7df9ccad2f2a5, type: 3}
      propertyPath: m_RootOrder
      value: 8
      objectReference: {fileID: 0}
    - target: {fileID: 400006, guid: 7e9c50938e32351438a7df9ccad2f2a5, type: 3}
      propertyPath: m_LocalEulerAnglesHint.x
      value: 0
      objectReference: {fileID: 0}
    - target: {fileID: 400006, guid: 7e9c50938e32351438a7df9ccad2f2a5, type: 3}
      propertyPath: m_LocalEulerAnglesHint.y
      value: 0
      objectReference: {fileID: 0}
    - target: {fileID: 400006, guid: 7e9c50938e32351438a7df9ccad2f2a5, type: 3}
      propertyPath: m_LocalEulerAnglesHint.z
      value: 0
      objectReference: {fileID: 0}
    - target: {fileID: 400006, guid: 7e9c50938e32351438a7df9ccad2f2a5, type: 3}
      propertyPath: m_LocalScale.x
      value: 0.1
      objectReference: {fileID: 0}
    - target: {fileID: 400006, guid: 7e9c50938e32351438a7df9ccad2f2a5, type: 3}
      propertyPath: m_LocalScale.y
      value: 0.1
      objectReference: {fileID: 0}
    - target: {fileID: 400006, guid: 7e9c50938e32351438a7df9ccad2f2a5, type: 3}
      propertyPath: m_LocalScale.z
      value: 0.1
      objectReference: {fileID: 0}
    - target: {fileID: 19800004, guid: 7e9c50938e32351438a7df9ccad2f2a5, type: 3}
      propertyPath: playOnAwake
      value: 0
      objectReference: {fileID: 0}
    - target: {fileID: 19800004, guid: 7e9c50938e32351438a7df9ccad2f2a5, type: 3}
      propertyPath: looping
      value: 0
      objectReference: {fileID: 0}
    - target: {fileID: 19800004, guid: 7e9c50938e32351438a7df9ccad2f2a5, type: 3}
      propertyPath: lengthInSec
      value: 0.2
      objectReference: {fileID: 0}
    - target: {fileID: 19800000, guid: 7e9c50938e32351438a7df9ccad2f2a5, type: 3}
      propertyPath: playOnAwake
      value: 0
      objectReference: {fileID: 0}
    - target: {fileID: 19800000, guid: 7e9c50938e32351438a7df9ccad2f2a5, type: 3}
      propertyPath: InitialModule.startRotationX.minMaxState
      value: 3
      objectReference: {fileID: 0}
    - target: {fileID: 19800000, guid: 7e9c50938e32351438a7df9ccad2f2a5, type: 3}
      propertyPath: InitialModule.startRotationY.minMaxState
      value: 3
      objectReference: {fileID: 0}
    - target: {fileID: 19800002, guid: 7e9c50938e32351438a7df9ccad2f2a5, type: 3}
      propertyPath: playOnAwake
      value: 0
      objectReference: {fileID: 0}
    - target: {fileID: 19800006, guid: 7e9c50938e32351438a7df9ccad2f2a5, type: 3}
      propertyPath: playOnAwake
      value: 0
      objectReference: {fileID: 0}
    m_RemovedComponents: []
  m_SourcePrefab: {fileID: 100100000, guid: 7e9c50938e32351438a7df9ccad2f2a5, type: 3}
--- !u!1001 &8170633752499980688
PrefabInstance:
  m_ObjectHideFlags: 0
  serializedVersion: 2
  m_Modification:
    m_TransformParent: {fileID: 8170633753010852609}
    m_Modifications:
    - target: {fileID: -927199367670048503, guid: 7186c3159e1cb074ab8bb9745a3b2abe,
        type: 3}
      propertyPath: m_Name
      value: Pistol
      objectReference: {fileID: 0}
    - target: {fileID: -927199367670048503, guid: 7186c3159e1cb074ab8bb9745a3b2abe,
        type: 3}
      propertyPath: m_IsActive
      value: 1
      objectReference: {fileID: 0}
    - target: {fileID: -4216859302048453862, guid: 7186c3159e1cb074ab8bb9745a3b2abe,
        type: 3}
      propertyPath: m_LocalPosition.x
      value: 0.0213
      objectReference: {fileID: 0}
    - target: {fileID: -4216859302048453862, guid: 7186c3159e1cb074ab8bb9745a3b2abe,
        type: 3}
      propertyPath: m_LocalPosition.y
      value: -0.0359
      objectReference: {fileID: 0}
    - target: {fileID: -4216859302048453862, guid: 7186c3159e1cb074ab8bb9745a3b2abe,
        type: 3}
      propertyPath: m_LocalPosition.z
      value: 0.056
      objectReference: {fileID: 0}
    - target: {fileID: -4216859302048453862, guid: 7186c3159e1cb074ab8bb9745a3b2abe,
        type: 3}
      propertyPath: m_LocalRotation.x
      value: 0
      objectReference: {fileID: 0}
    - target: {fileID: -4216859302048453862, guid: 7186c3159e1cb074ab8bb9745a3b2abe,
        type: 3}
      propertyPath: m_LocalRotation.y
      value: 0
      objectReference: {fileID: 0}
    - target: {fileID: -4216859302048453862, guid: 7186c3159e1cb074ab8bb9745a3b2abe,
        type: 3}
      propertyPath: m_LocalRotation.z
      value: 0
      objectReference: {fileID: 0}
    - target: {fileID: -4216859302048453862, guid: 7186c3159e1cb074ab8bb9745a3b2abe,
        type: 3}
      propertyPath: m_LocalRotation.w
      value: 1
      objectReference: {fileID: 0}
    - target: {fileID: -4216859302048453862, guid: 7186c3159e1cb074ab8bb9745a3b2abe,
        type: 3}
      propertyPath: m_RootOrder
      value: 2
      objectReference: {fileID: 0}
    - target: {fileID: -4216859302048453862, guid: 7186c3159e1cb074ab8bb9745a3b2abe,
        type: 3}
      propertyPath: m_LocalEulerAnglesHint.x
      value: 0
      objectReference: {fileID: 0}
    - target: {fileID: -4216859302048453862, guid: 7186c3159e1cb074ab8bb9745a3b2abe,
        type: 3}
      propertyPath: m_LocalEulerAnglesHint.y
      value: 0
      objectReference: {fileID: 0}
    - target: {fileID: -4216859302048453862, guid: 7186c3159e1cb074ab8bb9745a3b2abe,
        type: 3}
      propertyPath: m_LocalEulerAnglesHint.z
      value: 0
      objectReference: {fileID: 0}
    - target: {fileID: 8921961479169499161, guid: 7186c3159e1cb074ab8bb9745a3b2abe,
        type: 3}
      propertyPath: m_Materials.Array.data[0]
      value: 
      objectReference: {fileID: 2100000, guid: 770a839dd4e83f940b6ddf34211413eb, type: 2}
    - target: {fileID: 6127631817122309867, guid: 7186c3159e1cb074ab8bb9745a3b2abe,
        type: 3}
      propertyPath: m_Materials.Array.data[0]
      value: 
      objectReference: {fileID: 2100000, guid: 770a839dd4e83f940b6ddf34211413eb, type: 2}
    - target: {fileID: 6845942918102668539, guid: 7186c3159e1cb074ab8bb9745a3b2abe,
        type: 3}
      propertyPath: m_Materials.Array.data[0]
      value: 
      objectReference: {fileID: 2100000, guid: 770a839dd4e83f940b6ddf34211413eb, type: 2}
    - target: {fileID: 5075099239248815526, guid: 7186c3159e1cb074ab8bb9745a3b2abe,
        type: 3}
      propertyPath: m_Materials.Array.data[0]
      value: 
      objectReference: {fileID: 2100000, guid: 770a839dd4e83f940b6ddf34211413eb, type: 2}
    - target: {fileID: -3826876073479719564, guid: 7186c3159e1cb074ab8bb9745a3b2abe,
        type: 3}
      propertyPath: m_Materials.Array.data[0]
      value: 
      objectReference: {fileID: 2100000, guid: 770a839dd4e83f940b6ddf34211413eb, type: 2}
    - target: {fileID: -5743693941600815948, guid: 7186c3159e1cb074ab8bb9745a3b2abe,
        type: 3}
      propertyPath: m_Materials.Array.data[0]
      value: 
      objectReference: {fileID: 2100000, guid: 770a839dd4e83f940b6ddf34211413eb, type: 2}
    - target: {fileID: 2738790328726822413, guid: 7186c3159e1cb074ab8bb9745a3b2abe,
        type: 3}
      propertyPath: m_Materials.Array.data[0]
      value: 
      objectReference: {fileID: 2100000, guid: 770a839dd4e83f940b6ddf34211413eb, type: 2}
    - target: {fileID: -7668049287853252537, guid: 7186c3159e1cb074ab8bb9745a3b2abe,
        type: 3}
      propertyPath: m_Materials.Array.data[0]
      value: 
      objectReference: {fileID: 2100000, guid: 770a839dd4e83f940b6ddf34211413eb, type: 2}
    m_RemovedComponents: []
  m_SourcePrefab: {fileID: 100100000, guid: 7186c3159e1cb074ab8bb9745a3b2abe, type: 3}
--- !u!1 &162693695267360921 stripped
GameObject:
  m_CorrespondingSourceObject: {fileID: -927199367670048503, guid: 7186c3159e1cb074ab8bb9745a3b2abe,
    type: 3}
  m_PrefabInstance: {fileID: 8170633752499980688}
  m_PrefabAsset: {fileID: 0}
--- !u!4 &3754129436879725194 stripped
Transform:
  m_CorrespondingSourceObject: {fileID: -4216859302048453862, guid: 7186c3159e1cb074ab8bb9745a3b2abe,
    type: 3}
  m_PrefabInstance: {fileID: 8170633752499980688}
  m_PrefabAsset: {fileID: 0}
--- !u!1001 &8170633752698007631
PrefabInstance:
  m_ObjectHideFlags: 0
  serializedVersion: 2
  m_Modification:
    m_TransformParent: {fileID: 3754129438116954074}
    m_Modifications:
    - target: {fileID: 100006, guid: 0438351a6e6422d43a09930e9be00ee9, type: 3}
      propertyPath: m_Name
      value: Flare
      objectReference: {fileID: 0}
    - target: {fileID: 100006, guid: 0438351a6e6422d43a09930e9be00ee9, type: 3}
      propertyPath: m_IsActive
      value: 1
      objectReference: {fileID: 0}
    - target: {fileID: 400006, guid: 0438351a6e6422d43a09930e9be00ee9, type: 3}
      propertyPath: m_LocalPosition.x
      value: -1.7827636
      objectReference: {fileID: 0}
    - target: {fileID: 400006, guid: 0438351a6e6422d43a09930e9be00ee9, type: 3}
      propertyPath: m_LocalPosition.y
      value: -5.56
      objectReference: {fileID: 0}
    - target: {fileID: 400006, guid: 0438351a6e6422d43a09930e9be00ee9, type: 3}
      propertyPath: m_LocalPosition.z
      value: 3.4593909
      objectReference: {fileID: 0}
    - target: {fileID: 400006, guid: 0438351a6e6422d43a09930e9be00ee9, type: 3}
      propertyPath: m_LocalRotation.x
      value: 0
      objectReference: {fileID: 0}
    - target: {fileID: 400006, guid: 0438351a6e6422d43a09930e9be00ee9, type: 3}
      propertyPath: m_LocalRotation.y
      value: 0
      objectReference: {fileID: 0}
    - target: {fileID: 400006, guid: 0438351a6e6422d43a09930e9be00ee9, type: 3}
      propertyPath: m_LocalRotation.z
      value: 0
      objectReference: {fileID: 0}
    - target: {fileID: 400006, guid: 0438351a6e6422d43a09930e9be00ee9, type: 3}
      propertyPath: m_LocalRotation.w
      value: 1
      objectReference: {fileID: 0}
    - target: {fileID: 400006, guid: 0438351a6e6422d43a09930e9be00ee9, type: 3}
      propertyPath: m_RootOrder
      value: 9
      objectReference: {fileID: 0}
    - target: {fileID: 400006, guid: 0438351a6e6422d43a09930e9be00ee9, type: 3}
      propertyPath: m_LocalEulerAnglesHint.x
      value: 0
      objectReference: {fileID: 0}
    - target: {fileID: 400006, guid: 0438351a6e6422d43a09930e9be00ee9, type: 3}
      propertyPath: m_LocalEulerAnglesHint.y
      value: 0
      objectReference: {fileID: 0}
    - target: {fileID: 400006, guid: 0438351a6e6422d43a09930e9be00ee9, type: 3}
      propertyPath: m_LocalEulerAnglesHint.z
      value: 0
      objectReference: {fileID: 0}
    - target: {fileID: 400006, guid: 0438351a6e6422d43a09930e9be00ee9, type: 3}
      propertyPath: m_LocalScale.x
      value: 0.001
      objectReference: {fileID: 0}
    - target: {fileID: 400006, guid: 0438351a6e6422d43a09930e9be00ee9, type: 3}
      propertyPath: m_LocalScale.y
      value: 0.001
      objectReference: {fileID: 0}
    - target: {fileID: 400006, guid: 0438351a6e6422d43a09930e9be00ee9, type: 3}
      propertyPath: m_LocalScale.z
      value: 0.001
      objectReference: {fileID: 0}
    - target: {fileID: 19800004, guid: 0438351a6e6422d43a09930e9be00ee9, type: 3}
      propertyPath: lengthInSec
      value: 0.2
      objectReference: {fileID: 0}
    - target: {fileID: 19800004, guid: 0438351a6e6422d43a09930e9be00ee9, type: 3}
      propertyPath: looping
      value: 0
      objectReference: {fileID: 0}
    - target: {fileID: 19800004, guid: 0438351a6e6422d43a09930e9be00ee9, type: 3}
      propertyPath: InitialModule.startSize.minScalar
      value: 0
      objectReference: {fileID: 0}
    - target: {fileID: 19800004, guid: 0438351a6e6422d43a09930e9be00ee9, type: 3}
      propertyPath: InitialModule.startSize.scalar
      value: 1
      objectReference: {fileID: 0}
    - target: {fileID: 19800004, guid: 0438351a6e6422d43a09930e9be00ee9, type: 3}
      propertyPath: InitialModule.startSize.minMaxState
      value: 0
      objectReference: {fileID: 0}
    - target: {fileID: 19800004, guid: 0438351a6e6422d43a09930e9be00ee9, type: 3}
      propertyPath: InitialModule.startSizeY.minMaxState
      value: 0
      objectReference: {fileID: 0}
    - target: {fileID: 19800004, guid: 0438351a6e6422d43a09930e9be00ee9, type: 3}
      propertyPath: InitialModule.startSizeZ.minMaxState
      value: 0
      objectReference: {fileID: 0}
    m_RemovedComponents: []
  m_SourcePrefab: {fileID: 100100000, guid: 0438351a6e6422d43a09930e9be00ee9, type: 3}
--- !u!1 &8170633752697911017 stripped
GameObject:
  m_CorrespondingSourceObject: {fileID: 100006, guid: 0438351a6e6422d43a09930e9be00ee9,
    type: 3}
  m_PrefabInstance: {fileID: 8170633752698007631}
  m_PrefabAsset: {fileID: 0}
--- !u!1001 &8170633752730118709
PrefabInstance:
  m_ObjectHideFlags: 0
  serializedVersion: 2
  m_Modification:
    m_TransformParent: {fileID: 3754129438346881507}
    m_Modifications:
    - target: {fileID: 100010, guid: 031d08f52af1daa4f929b85221519426, type: 3}
      propertyPath: m_Name
      value: MuzzleFlash
      objectReference: {fileID: 0}
    - target: {fileID: 100010, guid: 031d08f52af1daa4f929b85221519426, type: 3}
      propertyPath: m_IsActive
      value: 1
      objectReference: {fileID: 0}
    - target: {fileID: 400010, guid: 031d08f52af1daa4f929b85221519426, type: 3}
      propertyPath: m_LocalPosition.x
      value: -2.6271842
      objectReference: {fileID: 0}
    - target: {fileID: 400010, guid: 031d08f52af1daa4f929b85221519426, type: 3}
      propertyPath: m_LocalPosition.y
      value: -0.24199913
      objectReference: {fileID: 0}
    - target: {fileID: 400010, guid: 031d08f52af1daa4f929b85221519426, type: 3}
      propertyPath: m_LocalPosition.z
      value: -10.697825
      objectReference: {fileID: 0}
    - target: {fileID: 400010, guid: 031d08f52af1daa4f929b85221519426, type: 3}
      propertyPath: m_LocalRotation.x
      value: -0
      objectReference: {fileID: 0}
    - target: {fileID: 400010, guid: 031d08f52af1daa4f929b85221519426, type: 3}
      propertyPath: m_LocalRotation.y
      value: -0
      objectReference: {fileID: 0}
    - target: {fileID: 400010, guid: 031d08f52af1daa4f929b85221519426, type: 3}
      propertyPath: m_LocalRotation.z
      value: -0
      objectReference: {fileID: 0}
    - target: {fileID: 400010, guid: 031d08f52af1daa4f929b85221519426, type: 3}
      propertyPath: m_LocalRotation.w
      value: 1
      objectReference: {fileID: 0}
    - target: {fileID: 400010, guid: 031d08f52af1daa4f929b85221519426, type: 3}
      propertyPath: m_RootOrder
      value: 11
      objectReference: {fileID: 0}
    - target: {fileID: 400010, guid: 031d08f52af1daa4f929b85221519426, type: 3}
      propertyPath: m_LocalEulerAnglesHint.x
      value: 0
      objectReference: {fileID: 0}
    - target: {fileID: 400010, guid: 031d08f52af1daa4f929b85221519426, type: 3}
      propertyPath: m_LocalEulerAnglesHint.y
      value: 0
      objectReference: {fileID: 0}
    - target: {fileID: 400010, guid: 031d08f52af1daa4f929b85221519426, type: 3}
      propertyPath: m_LocalEulerAnglesHint.z
      value: 0
      objectReference: {fileID: 0}
    - target: {fileID: 400010, guid: 031d08f52af1daa4f929b85221519426, type: 3}
      propertyPath: m_LocalScale.x
      value: 5
      objectReference: {fileID: 0}
    - target: {fileID: 400010, guid: 031d08f52af1daa4f929b85221519426, type: 3}
      propertyPath: m_LocalScale.y
      value: 5
      objectReference: {fileID: 0}
    - target: {fileID: 400010, guid: 031d08f52af1daa4f929b85221519426, type: 3}
      propertyPath: m_LocalScale.z
      value: 5
      objectReference: {fileID: 0}
    - target: {fileID: 400016, guid: 031d08f52af1daa4f929b85221519426, type: 3}
      propertyPath: m_LocalPosition.x
      value: 0.5549
      objectReference: {fileID: 0}
    - target: {fileID: 400016, guid: 031d08f52af1daa4f929b85221519426, type: 3}
      propertyPath: m_LocalPosition.z
      value: 2.323
      objectReference: {fileID: 0}
    - target: {fileID: 400016, guid: 031d08f52af1daa4f929b85221519426, type: 3}
      propertyPath: m_LocalPosition.y
      value: 0.0196
      objectReference: {fileID: 0}
    - target: {fileID: 400016, guid: 031d08f52af1daa4f929b85221519426, type: 3}
      propertyPath: m_LocalScale.x
      value: 0.009
      objectReference: {fileID: 0}
    - target: {fileID: 400016, guid: 031d08f52af1daa4f929b85221519426, type: 3}
      propertyPath: m_LocalScale.y
      value: 0.009
      objectReference: {fileID: 0}
    - target: {fileID: 400016, guid: 031d08f52af1daa4f929b85221519426, type: 3}
      propertyPath: m_LocalScale.z
      value: 0.009
      objectReference: {fileID: 0}
    - target: {fileID: 19800012, guid: 031d08f52af1daa4f929b85221519426, type: 3}
      propertyPath: InitialModule.startSizeY.minMaxState
      value: 3
      objectReference: {fileID: 0}
    - target: {fileID: 19800012, guid: 031d08f52af1daa4f929b85221519426, type: 3}
      propertyPath: InitialModule.startSizeZ.minMaxState
      value: 3
      objectReference: {fileID: 0}
    - target: {fileID: 19800012, guid: 031d08f52af1daa4f929b85221519426, type: 3}
      propertyPath: InitialModule.startRotationX.minMaxState
      value: 3
      objectReference: {fileID: 0}
    - target: {fileID: 19800012, guid: 031d08f52af1daa4f929b85221519426, type: 3}
      propertyPath: InitialModule.startRotationY.minMaxState
      value: 3
      objectReference: {fileID: 0}
    - target: {fileID: 19800012, guid: 031d08f52af1daa4f929b85221519426, type: 3}
      propertyPath: lengthInSec
      value: 0.2
      objectReference: {fileID: 0}
    - target: {fileID: 19800012, guid: 031d08f52af1daa4f929b85221519426, type: 3}
      propertyPath: InitialModule.startLifetime.scalar
      value: 0.6
      objectReference: {fileID: 0}
    - target: {fileID: 19800012, guid: 031d08f52af1daa4f929b85221519426, type: 3}
      propertyPath: InitialModule.startSpeed.minScalar
      value: 0
      objectReference: {fileID: 0}
    - target: {fileID: 19800012, guid: 031d08f52af1daa4f929b85221519426, type: 3}
      propertyPath: InitialModule.startSpeed.scalar
      value: 5
      objectReference: {fileID: 0}
    - target: {fileID: 19800012, guid: 031d08f52af1daa4f929b85221519426, type: 3}
      propertyPath: playOnAwake
      value: 0
      objectReference: {fileID: 0}
    - target: {fileID: 19800012, guid: 031d08f52af1daa4f929b85221519426, type: 3}
      propertyPath: InitialModule.startSize.minScalar
      value: 0.5
      objectReference: {fileID: 0}
    - target: {fileID: 19800012, guid: 031d08f52af1daa4f929b85221519426, type: 3}
      propertyPath: InitialModule.startSize.scalar
      value: 0.5
      objectReference: {fileID: 0}
    - target: {fileID: 19800012, guid: 031d08f52af1daa4f929b85221519426, type: 3}
      propertyPath: InitialModule.startColor.maxColor.r
      value: 0.7924528
      objectReference: {fileID: 0}
    - target: {fileID: 19800012, guid: 031d08f52af1daa4f929b85221519426, type: 3}
      propertyPath: InitialModule.startColor.maxColor.g
      value: 0.46639788
      objectReference: {fileID: 0}
    - target: {fileID: 19800012, guid: 031d08f52af1daa4f929b85221519426, type: 3}
      propertyPath: InitialModule.startColor.maxColor.b
      value: 0.22054112
      objectReference: {fileID: 0}
    - target: {fileID: 100020, guid: 031d08f52af1daa4f929b85221519426, type: 3}
      propertyPath: m_IsActive
      value: 0
      objectReference: {fileID: 0}
    - target: {fileID: 100016, guid: 031d08f52af1daa4f929b85221519426, type: 3}
      propertyPath: m_IsActive
      value: 1
      objectReference: {fileID: 0}
    - target: {fileID: 100004, guid: 031d08f52af1daa4f929b85221519426, type: 3}
      propertyPath: m_IsActive
      value: 0
      objectReference: {fileID: 0}
    - target: {fileID: 100006, guid: 031d08f52af1daa4f929b85221519426, type: 3}
      propertyPath: m_IsActive
      value: 0
      objectReference: {fileID: 0}
    - target: {fileID: 100002, guid: 031d08f52af1daa4f929b85221519426, type: 3}
      propertyPath: m_IsActive
      value: 0
      objectReference: {fileID: 0}
    - target: {fileID: 100012, guid: 031d08f52af1daa4f929b85221519426, type: 3}
      propertyPath: m_IsActive
      value: 0
      objectReference: {fileID: 0}
    - target: {fileID: 100008, guid: 031d08f52af1daa4f929b85221519426, type: 3}
      propertyPath: m_IsActive
      value: 0
      objectReference: {fileID: 0}
    - target: {fileID: 19800016, guid: 031d08f52af1daa4f929b85221519426, type: 3}
      propertyPath: InitialModule.startSizeY.minMaxState
      value: 3
      objectReference: {fileID: 0}
    - target: {fileID: 19800016, guid: 031d08f52af1daa4f929b85221519426, type: 3}
      propertyPath: InitialModule.startSizeZ.minMaxState
      value: 3
      objectReference: {fileID: 0}
    - target: {fileID: 19800016, guid: 031d08f52af1daa4f929b85221519426, type: 3}
      propertyPath: InitialModule.startRotationX.minMaxState
      value: 3
      objectReference: {fileID: 0}
    - target: {fileID: 19800016, guid: 031d08f52af1daa4f929b85221519426, type: 3}
      propertyPath: InitialModule.startRotationY.minMaxState
      value: 3
      objectReference: {fileID: 0}
    - target: {fileID: 19800004, guid: 031d08f52af1daa4f929b85221519426, type: 3}
      propertyPath: InitialModule.startSizeY.minMaxState
      value: 3
      objectReference: {fileID: 0}
    - target: {fileID: 19800004, guid: 031d08f52af1daa4f929b85221519426, type: 3}
      propertyPath: InitialModule.startSizeZ.minMaxState
      value: 3
      objectReference: {fileID: 0}
    - target: {fileID: 19800004, guid: 031d08f52af1daa4f929b85221519426, type: 3}
      propertyPath: InitialModule.startRotationX.minMaxState
      value: 3
      objectReference: {fileID: 0}
    - target: {fileID: 19800004, guid: 031d08f52af1daa4f929b85221519426, type: 3}
      propertyPath: InitialModule.startRotationY.minMaxState
      value: 3
      objectReference: {fileID: 0}
    - target: {fileID: 19800006, guid: 031d08f52af1daa4f929b85221519426, type: 3}
      propertyPath: InitialModule.startSizeY.minMaxState
      value: 3
      objectReference: {fileID: 0}
    - target: {fileID: 19800006, guid: 031d08f52af1daa4f929b85221519426, type: 3}
      propertyPath: InitialModule.startSizeZ.minMaxState
      value: 3
      objectReference: {fileID: 0}
    - target: {fileID: 19800006, guid: 031d08f52af1daa4f929b85221519426, type: 3}
      propertyPath: InitialModule.startRotationX.minMaxState
      value: 3
      objectReference: {fileID: 0}
    - target: {fileID: 19800006, guid: 031d08f52af1daa4f929b85221519426, type: 3}
      propertyPath: InitialModule.startRotationY.minMaxState
      value: 3
      objectReference: {fileID: 0}
    - target: {fileID: 19800002, guid: 031d08f52af1daa4f929b85221519426, type: 3}
      propertyPath: InitialModule.startSizeY.minMaxState
      value: 3
      objectReference: {fileID: 0}
    - target: {fileID: 19800002, guid: 031d08f52af1daa4f929b85221519426, type: 3}
      propertyPath: InitialModule.startSizeZ.minMaxState
      value: 3
      objectReference: {fileID: 0}
    - target: {fileID: 19800002, guid: 031d08f52af1daa4f929b85221519426, type: 3}
      propertyPath: InitialModule.startRotationX.minMaxState
      value: 3
      objectReference: {fileID: 0}
    - target: {fileID: 19800002, guid: 031d08f52af1daa4f929b85221519426, type: 3}
      propertyPath: InitialModule.startRotationY.minMaxState
      value: 3
      objectReference: {fileID: 0}
    - target: {fileID: 19800010, guid: 031d08f52af1daa4f929b85221519426, type: 3}
      propertyPath: InitialModule.startSizeY.minMaxState
      value: 3
      objectReference: {fileID: 0}
    - target: {fileID: 19800010, guid: 031d08f52af1daa4f929b85221519426, type: 3}
      propertyPath: InitialModule.startSizeZ.minMaxState
      value: 3
      objectReference: {fileID: 0}
    - target: {fileID: 19800010, guid: 031d08f52af1daa4f929b85221519426, type: 3}
      propertyPath: InitialModule.startRotationX.minMaxState
      value: 3
      objectReference: {fileID: 0}
    - target: {fileID: 19800010, guid: 031d08f52af1daa4f929b85221519426, type: 3}
      propertyPath: InitialModule.startRotationY.minMaxState
      value: 3
      objectReference: {fileID: 0}
    - target: {fileID: 19800014, guid: 031d08f52af1daa4f929b85221519426, type: 3}
      propertyPath: InitialModule.startSizeY.minMaxState
      value: 3
      objectReference: {fileID: 0}
    - target: {fileID: 19800014, guid: 031d08f52af1daa4f929b85221519426, type: 3}
      propertyPath: InitialModule.startSizeZ.minMaxState
      value: 3
      objectReference: {fileID: 0}
    - target: {fileID: 19800014, guid: 031d08f52af1daa4f929b85221519426, type: 3}
      propertyPath: InitialModule.startRotationX.minMaxState
      value: 3
      objectReference: {fileID: 0}
    - target: {fileID: 19800014, guid: 031d08f52af1daa4f929b85221519426, type: 3}
      propertyPath: InitialModule.startRotationY.minMaxState
      value: 3
      objectReference: {fileID: 0}
    m_RemovedComponents: []
  m_SourcePrefab: {fileID: 100100000, guid: 031d08f52af1daa4f929b85221519426, type: 3}
--- !u!198 &8170633752715048441 stripped
ParticleSystem:
  m_CorrespondingSourceObject: {fileID: 19800012, guid: 031d08f52af1daa4f929b85221519426,
    type: 3}
  m_PrefabInstance: {fileID: 8170633752730118709}
  m_PrefabAsset: {fileID: 0}
--- !u!1001 &8170633752821719125
PrefabInstance:
  m_ObjectHideFlags: 0
  serializedVersion: 2
  m_Modification:
    m_TransformParent: {fileID: 3754129438116954074}
    m_Modifications:
    - target: {fileID: 100010, guid: 031d08f52af1daa4f929b85221519426, type: 3}
      propertyPath: m_Name
      value: MuzzleFlash
      objectReference: {fileID: 0}
    - target: {fileID: 100010, guid: 031d08f52af1daa4f929b85221519426, type: 3}
      propertyPath: m_IsActive
      value: 1
      objectReference: {fileID: 0}
    - target: {fileID: 400010, guid: 031d08f52af1daa4f929b85221519426, type: 3}
      propertyPath: m_LocalPosition.x
      value: -0.55323696
      objectReference: {fileID: 0}
    - target: {fileID: 400010, guid: 031d08f52af1daa4f929b85221519426, type: 3}
      propertyPath: m_LocalPosition.y
      value: 0
      objectReference: {fileID: 0}
    - target: {fileID: 400010, guid: 031d08f52af1daa4f929b85221519426, type: 3}
      propertyPath: m_LocalPosition.z
      value: -2.234365
      objectReference: {fileID: 0}
    - target: {fileID: 400010, guid: 031d08f52af1daa4f929b85221519426, type: 3}
      propertyPath: m_LocalRotation.x
      value: 0
      objectReference: {fileID: 0}
    - target: {fileID: 400010, guid: 031d08f52af1daa4f929b85221519426, type: 3}
      propertyPath: m_LocalRotation.y
      value: 0
      objectReference: {fileID: 0}
    - target: {fileID: 400010, guid: 031d08f52af1daa4f929b85221519426, type: 3}
      propertyPath: m_LocalRotation.z
      value: 0
      objectReference: {fileID: 0}
    - target: {fileID: 400010, guid: 031d08f52af1daa4f929b85221519426, type: 3}
      propertyPath: m_LocalRotation.w
      value: 1
      objectReference: {fileID: 0}
    - target: {fileID: 400010, guid: 031d08f52af1daa4f929b85221519426, type: 3}
      propertyPath: m_RootOrder
      value: 7
      objectReference: {fileID: 0}
    - target: {fileID: 400010, guid: 031d08f52af1daa4f929b85221519426, type: 3}
      propertyPath: m_LocalEulerAnglesHint.x
      value: 0
      objectReference: {fileID: 0}
    - target: {fileID: 400010, guid: 031d08f52af1daa4f929b85221519426, type: 3}
      propertyPath: m_LocalEulerAnglesHint.y
      value: 0
      objectReference: {fileID: 0}
    - target: {fileID: 400010, guid: 031d08f52af1daa4f929b85221519426, type: 3}
      propertyPath: m_LocalEulerAnglesHint.z
      value: 0
      objectReference: {fileID: 0}
    - target: {fileID: 400016, guid: 031d08f52af1daa4f929b85221519426, type: 3}
      propertyPath: m_LocalPosition.x
      value: 0.5549
      objectReference: {fileID: 0}
    - target: {fileID: 400016, guid: 031d08f52af1daa4f929b85221519426, type: 3}
      propertyPath: m_LocalPosition.z
      value: 2.323
      objectReference: {fileID: 0}
    - target: {fileID: 400016, guid: 031d08f52af1daa4f929b85221519426, type: 3}
      propertyPath: m_LocalPosition.y
      value: 0.0196
      objectReference: {fileID: 0}
    - target: {fileID: 400016, guid: 031d08f52af1daa4f929b85221519426, type: 3}
      propertyPath: m_LocalScale.x
      value: 0.009
      objectReference: {fileID: 0}
    - target: {fileID: 400016, guid: 031d08f52af1daa4f929b85221519426, type: 3}
      propertyPath: m_LocalScale.y
      value: 0.009
      objectReference: {fileID: 0}
    - target: {fileID: 400016, guid: 031d08f52af1daa4f929b85221519426, type: 3}
      propertyPath: m_LocalScale.z
      value: 0.009
      objectReference: {fileID: 0}
    - target: {fileID: 19800012, guid: 031d08f52af1daa4f929b85221519426, type: 3}
      propertyPath: InitialModule.startSizeY.minMaxState
      value: 3
      objectReference: {fileID: 0}
    - target: {fileID: 19800012, guid: 031d08f52af1daa4f929b85221519426, type: 3}
      propertyPath: InitialModule.startSizeZ.minMaxState
      value: 3
      objectReference: {fileID: 0}
    - target: {fileID: 19800012, guid: 031d08f52af1daa4f929b85221519426, type: 3}
      propertyPath: InitialModule.startRotationX.minMaxState
      value: 3
      objectReference: {fileID: 0}
    - target: {fileID: 19800012, guid: 031d08f52af1daa4f929b85221519426, type: 3}
      propertyPath: InitialModule.startRotationY.minMaxState
      value: 3
      objectReference: {fileID: 0}
    - target: {fileID: 19800012, guid: 031d08f52af1daa4f929b85221519426, type: 3}
      propertyPath: lengthInSec
      value: 0.2
      objectReference: {fileID: 0}
    - target: {fileID: 19800012, guid: 031d08f52af1daa4f929b85221519426, type: 3}
      propertyPath: InitialModule.startLifetime.scalar
      value: 0.6
      objectReference: {fileID: 0}
    - target: {fileID: 19800012, guid: 031d08f52af1daa4f929b85221519426, type: 3}
      propertyPath: InitialModule.startSpeed.minScalar
      value: 0
      objectReference: {fileID: 0}
    - target: {fileID: 19800012, guid: 031d08f52af1daa4f929b85221519426, type: 3}
      propertyPath: InitialModule.startSpeed.scalar
      value: 5
      objectReference: {fileID: 0}
    - target: {fileID: 19800012, guid: 031d08f52af1daa4f929b85221519426, type: 3}
      propertyPath: playOnAwake
      value: 0
      objectReference: {fileID: 0}
    - target: {fileID: 19800012, guid: 031d08f52af1daa4f929b85221519426, type: 3}
      propertyPath: InitialModule.startSize.minScalar
      value: 0.5
      objectReference: {fileID: 0}
    - target: {fileID: 19800012, guid: 031d08f52af1daa4f929b85221519426, type: 3}
      propertyPath: InitialModule.startSize.scalar
      value: 0.5
      objectReference: {fileID: 0}
    - target: {fileID: 19800012, guid: 031d08f52af1daa4f929b85221519426, type: 3}
      propertyPath: InitialModule.startColor.maxColor.r
      value: 0.7924528
      objectReference: {fileID: 0}
    - target: {fileID: 19800012, guid: 031d08f52af1daa4f929b85221519426, type: 3}
      propertyPath: InitialModule.startColor.maxColor.g
      value: 0.46639788
      objectReference: {fileID: 0}
    - target: {fileID: 19800012, guid: 031d08f52af1daa4f929b85221519426, type: 3}
      propertyPath: InitialModule.startColor.maxColor.b
      value: 0.22054112
      objectReference: {fileID: 0}
    - target: {fileID: 100020, guid: 031d08f52af1daa4f929b85221519426, type: 3}
      propertyPath: m_IsActive
      value: 0
      objectReference: {fileID: 0}
    - target: {fileID: 100016, guid: 031d08f52af1daa4f929b85221519426, type: 3}
      propertyPath: m_IsActive
      value: 1
      objectReference: {fileID: 0}
    - target: {fileID: 100004, guid: 031d08f52af1daa4f929b85221519426, type: 3}
      propertyPath: m_IsActive
      value: 0
      objectReference: {fileID: 0}
    - target: {fileID: 100006, guid: 031d08f52af1daa4f929b85221519426, type: 3}
      propertyPath: m_IsActive
      value: 0
      objectReference: {fileID: 0}
    - target: {fileID: 100002, guid: 031d08f52af1daa4f929b85221519426, type: 3}
      propertyPath: m_IsActive
      value: 0
      objectReference: {fileID: 0}
    - target: {fileID: 100012, guid: 031d08f52af1daa4f929b85221519426, type: 3}
      propertyPath: m_IsActive
      value: 0
      objectReference: {fileID: 0}
    - target: {fileID: 100008, guid: 031d08f52af1daa4f929b85221519426, type: 3}
      propertyPath: m_IsActive
      value: 0
      objectReference: {fileID: 0}
    - target: {fileID: 19800016, guid: 031d08f52af1daa4f929b85221519426, type: 3}
      propertyPath: InitialModule.startSizeY.minMaxState
      value: 3
      objectReference: {fileID: 0}
    - target: {fileID: 19800016, guid: 031d08f52af1daa4f929b85221519426, type: 3}
      propertyPath: InitialModule.startSizeZ.minMaxState
      value: 3
      objectReference: {fileID: 0}
    - target: {fileID: 19800016, guid: 031d08f52af1daa4f929b85221519426, type: 3}
      propertyPath: InitialModule.startRotationX.minMaxState
      value: 3
      objectReference: {fileID: 0}
    - target: {fileID: 19800016, guid: 031d08f52af1daa4f929b85221519426, type: 3}
      propertyPath: InitialModule.startRotationY.minMaxState
      value: 3
      objectReference: {fileID: 0}
    - target: {fileID: 19800004, guid: 031d08f52af1daa4f929b85221519426, type: 3}
      propertyPath: InitialModule.startSizeY.minMaxState
      value: 3
      objectReference: {fileID: 0}
    - target: {fileID: 19800004, guid: 031d08f52af1daa4f929b85221519426, type: 3}
      propertyPath: InitialModule.startSizeZ.minMaxState
      value: 3
      objectReference: {fileID: 0}
    - target: {fileID: 19800004, guid: 031d08f52af1daa4f929b85221519426, type: 3}
      propertyPath: InitialModule.startRotationX.minMaxState
      value: 3
      objectReference: {fileID: 0}
    - target: {fileID: 19800004, guid: 031d08f52af1daa4f929b85221519426, type: 3}
      propertyPath: InitialModule.startRotationY.minMaxState
      value: 3
      objectReference: {fileID: 0}
    - target: {fileID: 19800006, guid: 031d08f52af1daa4f929b85221519426, type: 3}
      propertyPath: InitialModule.startSizeY.minMaxState
      value: 3
      objectReference: {fileID: 0}
    - target: {fileID: 19800006, guid: 031d08f52af1daa4f929b85221519426, type: 3}
      propertyPath: InitialModule.startSizeZ.minMaxState
      value: 3
      objectReference: {fileID: 0}
    - target: {fileID: 19800006, guid: 031d08f52af1daa4f929b85221519426, type: 3}
      propertyPath: InitialModule.startRotationX.minMaxState
      value: 3
      objectReference: {fileID: 0}
    - target: {fileID: 19800006, guid: 031d08f52af1daa4f929b85221519426, type: 3}
      propertyPath: InitialModule.startRotationY.minMaxState
      value: 3
      objectReference: {fileID: 0}
    - target: {fileID: 19800002, guid: 031d08f52af1daa4f929b85221519426, type: 3}
      propertyPath: InitialModule.startSizeY.minMaxState
      value: 3
      objectReference: {fileID: 0}
    - target: {fileID: 19800002, guid: 031d08f52af1daa4f929b85221519426, type: 3}
      propertyPath: InitialModule.startSizeZ.minMaxState
      value: 3
      objectReference: {fileID: 0}
    - target: {fileID: 19800002, guid: 031d08f52af1daa4f929b85221519426, type: 3}
      propertyPath: InitialModule.startRotationX.minMaxState
      value: 3
      objectReference: {fileID: 0}
    - target: {fileID: 19800002, guid: 031d08f52af1daa4f929b85221519426, type: 3}
      propertyPath: InitialModule.startRotationY.minMaxState
      value: 3
      objectReference: {fileID: 0}
    - target: {fileID: 19800010, guid: 031d08f52af1daa4f929b85221519426, type: 3}
      propertyPath: InitialModule.startSizeY.minMaxState
      value: 3
      objectReference: {fileID: 0}
    - target: {fileID: 19800010, guid: 031d08f52af1daa4f929b85221519426, type: 3}
      propertyPath: InitialModule.startSizeZ.minMaxState
      value: 3
      objectReference: {fileID: 0}
    - target: {fileID: 19800010, guid: 031d08f52af1daa4f929b85221519426, type: 3}
      propertyPath: InitialModule.startRotationX.minMaxState
      value: 3
      objectReference: {fileID: 0}
    - target: {fileID: 19800010, guid: 031d08f52af1daa4f929b85221519426, type: 3}
      propertyPath: InitialModule.startRotationY.minMaxState
      value: 3
      objectReference: {fileID: 0}
    - target: {fileID: 19800014, guid: 031d08f52af1daa4f929b85221519426, type: 3}
      propertyPath: InitialModule.startSizeY.minMaxState
      value: 3
      objectReference: {fileID: 0}
    - target: {fileID: 19800014, guid: 031d08f52af1daa4f929b85221519426, type: 3}
      propertyPath: InitialModule.startSizeZ.minMaxState
      value: 3
      objectReference: {fileID: 0}
    - target: {fileID: 19800014, guid: 031d08f52af1daa4f929b85221519426, type: 3}
      propertyPath: InitialModule.startRotationX.minMaxState
      value: 3
      objectReference: {fileID: 0}
    - target: {fileID: 19800014, guid: 031d08f52af1daa4f929b85221519426, type: 3}
      propertyPath: InitialModule.startRotationY.minMaxState
      value: 3
      objectReference: {fileID: 0}
    m_RemovedComponents: []
  m_SourcePrefab: {fileID: 100100000, guid: 031d08f52af1daa4f929b85221519426, type: 3}
--- !u!198 &8170633752841519001 stripped
ParticleSystem:
  m_CorrespondingSourceObject: {fileID: 19800012, guid: 031d08f52af1daa4f929b85221519426,
    type: 3}
  m_PrefabInstance: {fileID: 8170633752821719125}
  m_PrefabAsset: {fileID: 0}
--- !u!1001 &8170633753012066426
PrefabInstance:
  m_ObjectHideFlags: 0
  serializedVersion: 2
  m_Modification:
    m_TransformParent: {fileID: 3754129436879725194}
    m_Modifications:
    - target: {fileID: 100006, guid: 0438351a6e6422d43a09930e9be00ee9, type: 3}
      propertyPath: m_Name
      value: Flare
      objectReference: {fileID: 0}
    - target: {fileID: 100006, guid: 0438351a6e6422d43a09930e9be00ee9, type: 3}
      propertyPath: m_IsActive
      value: 1
      objectReference: {fileID: 0}
    - target: {fileID: 400006, guid: 0438351a6e6422d43a09930e9be00ee9, type: 3}
      propertyPath: m_LocalPosition.x
      value: -8.741118
      objectReference: {fileID: 0}
    - target: {fileID: 400006, guid: 0438351a6e6422d43a09930e9be00ee9, type: 3}
      propertyPath: m_LocalPosition.y
      value: -28.067099
      objectReference: {fileID: 0}
    - target: {fileID: 400006, guid: 0438351a6e6422d43a09930e9be00ee9, type: 3}
      propertyPath: m_LocalPosition.z
      value: 17.873957
      objectReference: {fileID: 0}
    - target: {fileID: 400006, guid: 0438351a6e6422d43a09930e9be00ee9, type: 3}
      propertyPath: m_LocalRotation.x
      value: -0
      objectReference: {fileID: 0}
    - target: {fileID: 400006, guid: 0438351a6e6422d43a09930e9be00ee9, type: 3}
      propertyPath: m_LocalRotation.y
      value: -0
      objectReference: {fileID: 0}
    - target: {fileID: 400006, guid: 0438351a6e6422d43a09930e9be00ee9, type: 3}
      propertyPath: m_LocalRotation.z
      value: -0
      objectReference: {fileID: 0}
    - target: {fileID: 400006, guid: 0438351a6e6422d43a09930e9be00ee9, type: 3}
      propertyPath: m_LocalRotation.w
      value: 1
      objectReference: {fileID: 0}
    - target: {fileID: 400006, guid: 0438351a6e6422d43a09930e9be00ee9, type: 3}
      propertyPath: m_RootOrder
      value: 9
      objectReference: {fileID: 0}
    - target: {fileID: 400006, guid: 0438351a6e6422d43a09930e9be00ee9, type: 3}
      propertyPath: m_LocalEulerAnglesHint.x
      value: 0
      objectReference: {fileID: 0}
    - target: {fileID: 400006, guid: 0438351a6e6422d43a09930e9be00ee9, type: 3}
      propertyPath: m_LocalEulerAnglesHint.y
      value: 0
      objectReference: {fileID: 0}
    - target: {fileID: 400006, guid: 0438351a6e6422d43a09930e9be00ee9, type: 3}
      propertyPath: m_LocalEulerAnglesHint.z
      value: 0
      objectReference: {fileID: 0}
    - target: {fileID: 400006, guid: 0438351a6e6422d43a09930e9be00ee9, type: 3}
      propertyPath: m_LocalScale.x
      value: 0.0050000004
      objectReference: {fileID: 0}
    - target: {fileID: 400006, guid: 0438351a6e6422d43a09930e9be00ee9, type: 3}
      propertyPath: m_LocalScale.y
      value: 0.0050000004
      objectReference: {fileID: 0}
    - target: {fileID: 400006, guid: 0438351a6e6422d43a09930e9be00ee9, type: 3}
      propertyPath: m_LocalScale.z
      value: 0.0050000004
      objectReference: {fileID: 0}
    - target: {fileID: 19800004, guid: 0438351a6e6422d43a09930e9be00ee9, type: 3}
      propertyPath: lengthInSec
      value: 0.2
      objectReference: {fileID: 0}
    - target: {fileID: 19800004, guid: 0438351a6e6422d43a09930e9be00ee9, type: 3}
      propertyPath: looping
      value: 0
      objectReference: {fileID: 0}
    - target: {fileID: 19800004, guid: 0438351a6e6422d43a09930e9be00ee9, type: 3}
      propertyPath: InitialModule.startSize.minScalar
      value: 0
      objectReference: {fileID: 0}
    - target: {fileID: 19800004, guid: 0438351a6e6422d43a09930e9be00ee9, type: 3}
      propertyPath: InitialModule.startSize.scalar
      value: 1
      objectReference: {fileID: 0}
    - target: {fileID: 19800004, guid: 0438351a6e6422d43a09930e9be00ee9, type: 3}
      propertyPath: InitialModule.startSize.minMaxState
      value: 0
      objectReference: {fileID: 0}
    - target: {fileID: 19800004, guid: 0438351a6e6422d43a09930e9be00ee9, type: 3}
      propertyPath: InitialModule.startSizeY.minMaxState
      value: 0
      objectReference: {fileID: 0}
    - target: {fileID: 19800004, guid: 0438351a6e6422d43a09930e9be00ee9, type: 3}
      propertyPath: InitialModule.startSizeZ.minMaxState
      value: 0
      objectReference: {fileID: 0}
    m_RemovedComponents: []
  m_SourcePrefab: {fileID: 100100000, guid: 0438351a6e6422d43a09930e9be00ee9, type: 3}
--- !u!1 &8170633753011969756 stripped
GameObject:
  m_CorrespondingSourceObject: {fileID: 100006, guid: 0438351a6e6422d43a09930e9be00ee9,
    type: 3}
  m_PrefabInstance: {fileID: 8170633753012066426}
  m_PrefabAsset: {fileID: 0}
--- !u!1001 &8170633753653164404
PrefabInstance:
  m_ObjectHideFlags: 0
  serializedVersion: 2
  m_Modification:
    m_TransformParent: {fileID: 3754129436879725194}
    m_Modifications:
    - target: {fileID: 100010, guid: 031d08f52af1daa4f929b85221519426, type: 3}
      propertyPath: m_Name
      value: MuzzleFlash
      objectReference: {fileID: 0}
    - target: {fileID: 100010, guid: 031d08f52af1daa4f929b85221519426, type: 3}
      propertyPath: m_IsActive
      value: 1
      objectReference: {fileID: 0}
    - target: {fileID: 400010, guid: 031d08f52af1daa4f929b85221519426, type: 3}
      propertyPath: m_LocalPosition.x
      value: -2.5934842
      objectReference: {fileID: 0}
    - target: {fileID: 400010, guid: 031d08f52af1daa4f929b85221519426, type: 3}
      propertyPath: m_LocalPosition.y
      value: -0.26709914
      objectReference: {fileID: 0}
    - target: {fileID: 400010, guid: 031d08f52af1daa4f929b85221519426, type: 3}
      propertyPath: m_LocalPosition.z
      value: -10.594825
      objectReference: {fileID: 0}
    - target: {fileID: 400010, guid: 031d08f52af1daa4f929b85221519426, type: 3}
      propertyPath: m_LocalRotation.x
      value: -0
      objectReference: {fileID: 0}
    - target: {fileID: 400010, guid: 031d08f52af1daa4f929b85221519426, type: 3}
      propertyPath: m_LocalRotation.y
      value: -0
      objectReference: {fileID: 0}
    - target: {fileID: 400010, guid: 031d08f52af1daa4f929b85221519426, type: 3}
      propertyPath: m_LocalRotation.z
      value: -0
      objectReference: {fileID: 0}
    - target: {fileID: 400010, guid: 031d08f52af1daa4f929b85221519426, type: 3}
      propertyPath: m_LocalRotation.w
      value: 1
      objectReference: {fileID: 0}
    - target: {fileID: 400010, guid: 031d08f52af1daa4f929b85221519426, type: 3}
      propertyPath: m_RootOrder
      value: 8
      objectReference: {fileID: 0}
    - target: {fileID: 400010, guid: 031d08f52af1daa4f929b85221519426, type: 3}
      propertyPath: m_LocalEulerAnglesHint.x
      value: 0
      objectReference: {fileID: 0}
    - target: {fileID: 400010, guid: 031d08f52af1daa4f929b85221519426, type: 3}
      propertyPath: m_LocalEulerAnglesHint.y
      value: 0
      objectReference: {fileID: 0}
    - target: {fileID: 400010, guid: 031d08f52af1daa4f929b85221519426, type: 3}
      propertyPath: m_LocalEulerAnglesHint.z
      value: 0
      objectReference: {fileID: 0}
    - target: {fileID: 400010, guid: 031d08f52af1daa4f929b85221519426, type: 3}
      propertyPath: m_LocalScale.x
      value: 5
      objectReference: {fileID: 0}
    - target: {fileID: 400010, guid: 031d08f52af1daa4f929b85221519426, type: 3}
      propertyPath: m_LocalScale.y
      value: 5
      objectReference: {fileID: 0}
    - target: {fileID: 400010, guid: 031d08f52af1daa4f929b85221519426, type: 3}
      propertyPath: m_LocalScale.z
      value: 5
      objectReference: {fileID: 0}
    - target: {fileID: 400016, guid: 031d08f52af1daa4f929b85221519426, type: 3}
      propertyPath: m_LocalPosition.x
      value: 0.5549
      objectReference: {fileID: 0}
    - target: {fileID: 400016, guid: 031d08f52af1daa4f929b85221519426, type: 3}
      propertyPath: m_LocalPosition.z
      value: 2.323
      objectReference: {fileID: 0}
    - target: {fileID: 400016, guid: 031d08f52af1daa4f929b85221519426, type: 3}
      propertyPath: m_LocalPosition.y
      value: 0.0196
      objectReference: {fileID: 0}
    - target: {fileID: 400016, guid: 031d08f52af1daa4f929b85221519426, type: 3}
      propertyPath: m_LocalScale.x
      value: 0.009
      objectReference: {fileID: 0}
    - target: {fileID: 400016, guid: 031d08f52af1daa4f929b85221519426, type: 3}
      propertyPath: m_LocalScale.y
      value: 0.009
      objectReference: {fileID: 0}
    - target: {fileID: 400016, guid: 031d08f52af1daa4f929b85221519426, type: 3}
      propertyPath: m_LocalScale.z
      value: 0.009
      objectReference: {fileID: 0}
    - target: {fileID: 19800012, guid: 031d08f52af1daa4f929b85221519426, type: 3}
      propertyPath: InitialModule.startSizeY.minMaxState
      value: 3
      objectReference: {fileID: 0}
    - target: {fileID: 19800012, guid: 031d08f52af1daa4f929b85221519426, type: 3}
      propertyPath: InitialModule.startSizeZ.minMaxState
      value: 3
      objectReference: {fileID: 0}
    - target: {fileID: 19800012, guid: 031d08f52af1daa4f929b85221519426, type: 3}
      propertyPath: InitialModule.startRotationX.minMaxState
      value: 3
      objectReference: {fileID: 0}
    - target: {fileID: 19800012, guid: 031d08f52af1daa4f929b85221519426, type: 3}
      propertyPath: InitialModule.startRotationY.minMaxState
      value: 3
      objectReference: {fileID: 0}
    - target: {fileID: 19800012, guid: 031d08f52af1daa4f929b85221519426, type: 3}
      propertyPath: lengthInSec
      value: 0.2
      objectReference: {fileID: 0}
    - target: {fileID: 19800012, guid: 031d08f52af1daa4f929b85221519426, type: 3}
      propertyPath: InitialModule.startLifetime.scalar
      value: 0.6
      objectReference: {fileID: 0}
    - target: {fileID: 19800012, guid: 031d08f52af1daa4f929b85221519426, type: 3}
      propertyPath: InitialModule.startSpeed.minScalar
      value: 0
      objectReference: {fileID: 0}
    - target: {fileID: 19800012, guid: 031d08f52af1daa4f929b85221519426, type: 3}
      propertyPath: InitialModule.startSpeed.scalar
      value: 5
      objectReference: {fileID: 0}
    - target: {fileID: 19800012, guid: 031d08f52af1daa4f929b85221519426, type: 3}
      propertyPath: playOnAwake
      value: 0
      objectReference: {fileID: 0}
    - target: {fileID: 19800012, guid: 031d08f52af1daa4f929b85221519426, type: 3}
      propertyPath: InitialModule.startSize.minScalar
      value: 0.5
      objectReference: {fileID: 0}
    - target: {fileID: 19800012, guid: 031d08f52af1daa4f929b85221519426, type: 3}
      propertyPath: InitialModule.startSize.scalar
      value: 0.5
      objectReference: {fileID: 0}
    - target: {fileID: 19800012, guid: 031d08f52af1daa4f929b85221519426, type: 3}
      propertyPath: InitialModule.startColor.maxColor.r
      value: 0.7924528
      objectReference: {fileID: 0}
    - target: {fileID: 19800012, guid: 031d08f52af1daa4f929b85221519426, type: 3}
      propertyPath: InitialModule.startColor.maxColor.g
      value: 0.46639788
      objectReference: {fileID: 0}
    - target: {fileID: 19800012, guid: 031d08f52af1daa4f929b85221519426, type: 3}
      propertyPath: InitialModule.startColor.maxColor.b
      value: 0.22054112
      objectReference: {fileID: 0}
    - target: {fileID: 100020, guid: 031d08f52af1daa4f929b85221519426, type: 3}
      propertyPath: m_IsActive
      value: 0
      objectReference: {fileID: 0}
    - target: {fileID: 100016, guid: 031d08f52af1daa4f929b85221519426, type: 3}
      propertyPath: m_IsActive
      value: 1
      objectReference: {fileID: 0}
    - target: {fileID: 100004, guid: 031d08f52af1daa4f929b85221519426, type: 3}
      propertyPath: m_IsActive
      value: 0
      objectReference: {fileID: 0}
    - target: {fileID: 100006, guid: 031d08f52af1daa4f929b85221519426, type: 3}
      propertyPath: m_IsActive
      value: 0
      objectReference: {fileID: 0}
    - target: {fileID: 100002, guid: 031d08f52af1daa4f929b85221519426, type: 3}
      propertyPath: m_IsActive
      value: 0
      objectReference: {fileID: 0}
    - target: {fileID: 100012, guid: 031d08f52af1daa4f929b85221519426, type: 3}
      propertyPath: m_IsActive
      value: 0
      objectReference: {fileID: 0}
    - target: {fileID: 100008, guid: 031d08f52af1daa4f929b85221519426, type: 3}
      propertyPath: m_IsActive
      value: 0
      objectReference: {fileID: 0}
    - target: {fileID: 19800016, guid: 031d08f52af1daa4f929b85221519426, type: 3}
      propertyPath: InitialModule.startSizeY.minMaxState
      value: 3
      objectReference: {fileID: 0}
    - target: {fileID: 19800016, guid: 031d08f52af1daa4f929b85221519426, type: 3}
      propertyPath: InitialModule.startSizeZ.minMaxState
      value: 3
      objectReference: {fileID: 0}
    - target: {fileID: 19800016, guid: 031d08f52af1daa4f929b85221519426, type: 3}
      propertyPath: InitialModule.startRotationX.minMaxState
      value: 3
      objectReference: {fileID: 0}
    - target: {fileID: 19800016, guid: 031d08f52af1daa4f929b85221519426, type: 3}
      propertyPath: InitialModule.startRotationY.minMaxState
      value: 3
      objectReference: {fileID: 0}
    - target: {fileID: 19800004, guid: 031d08f52af1daa4f929b85221519426, type: 3}
      propertyPath: InitialModule.startSizeY.minMaxState
      value: 3
      objectReference: {fileID: 0}
    - target: {fileID: 19800004, guid: 031d08f52af1daa4f929b85221519426, type: 3}
      propertyPath: InitialModule.startSizeZ.minMaxState
      value: 3
      objectReference: {fileID: 0}
    - target: {fileID: 19800004, guid: 031d08f52af1daa4f929b85221519426, type: 3}
      propertyPath: InitialModule.startRotationX.minMaxState
      value: 3
      objectReference: {fileID: 0}
    - target: {fileID: 19800004, guid: 031d08f52af1daa4f929b85221519426, type: 3}
      propertyPath: InitialModule.startRotationY.minMaxState
      value: 3
      objectReference: {fileID: 0}
    - target: {fileID: 19800006, guid: 031d08f52af1daa4f929b85221519426, type: 3}
      propertyPath: InitialModule.startSizeY.minMaxState
      value: 3
      objectReference: {fileID: 0}
    - target: {fileID: 19800006, guid: 031d08f52af1daa4f929b85221519426, type: 3}
      propertyPath: InitialModule.startSizeZ.minMaxState
      value: 3
      objectReference: {fileID: 0}
    - target: {fileID: 19800006, guid: 031d08f52af1daa4f929b85221519426, type: 3}
      propertyPath: InitialModule.startRotationX.minMaxState
      value: 3
      objectReference: {fileID: 0}
    - target: {fileID: 19800006, guid: 031d08f52af1daa4f929b85221519426, type: 3}
      propertyPath: InitialModule.startRotationY.minMaxState
      value: 3
      objectReference: {fileID: 0}
    - target: {fileID: 19800002, guid: 031d08f52af1daa4f929b85221519426, type: 3}
      propertyPath: InitialModule.startSizeY.minMaxState
      value: 3
      objectReference: {fileID: 0}
    - target: {fileID: 19800002, guid: 031d08f52af1daa4f929b85221519426, type: 3}
      propertyPath: InitialModule.startSizeZ.minMaxState
      value: 3
      objectReference: {fileID: 0}
    - target: {fileID: 19800002, guid: 031d08f52af1daa4f929b85221519426, type: 3}
      propertyPath: InitialModule.startRotationX.minMaxState
      value: 3
      objectReference: {fileID: 0}
    - target: {fileID: 19800002, guid: 031d08f52af1daa4f929b85221519426, type: 3}
      propertyPath: InitialModule.startRotationY.minMaxState
      value: 3
      objectReference: {fileID: 0}
    - target: {fileID: 19800010, guid: 031d08f52af1daa4f929b85221519426, type: 3}
      propertyPath: InitialModule.startSizeY.minMaxState
      value: 3
      objectReference: {fileID: 0}
    - target: {fileID: 19800010, guid: 031d08f52af1daa4f929b85221519426, type: 3}
      propertyPath: InitialModule.startSizeZ.minMaxState
      value: 3
      objectReference: {fileID: 0}
    - target: {fileID: 19800010, guid: 031d08f52af1daa4f929b85221519426, type: 3}
      propertyPath: InitialModule.startRotationX.minMaxState
      value: 3
      objectReference: {fileID: 0}
    - target: {fileID: 19800010, guid: 031d08f52af1daa4f929b85221519426, type: 3}
      propertyPath: InitialModule.startRotationY.minMaxState
      value: 3
      objectReference: {fileID: 0}
    - target: {fileID: 19800014, guid: 031d08f52af1daa4f929b85221519426, type: 3}
      propertyPath: InitialModule.startSizeY.minMaxState
      value: 3
      objectReference: {fileID: 0}
    - target: {fileID: 19800014, guid: 031d08f52af1daa4f929b85221519426, type: 3}
      propertyPath: InitialModule.startSizeZ.minMaxState
      value: 3
      objectReference: {fileID: 0}
    - target: {fileID: 19800014, guid: 031d08f52af1daa4f929b85221519426, type: 3}
      propertyPath: InitialModule.startRotationX.minMaxState
      value: 3
      objectReference: {fileID: 0}
    - target: {fileID: 19800014, guid: 031d08f52af1daa4f929b85221519426, type: 3}
      propertyPath: InitialModule.startRotationY.minMaxState
      value: 3
      objectReference: {fileID: 0}
    m_RemovedComponents: []
  m_SourcePrefab: {fileID: 100100000, guid: 031d08f52af1daa4f929b85221519426, type: 3}
--- !u!198 &8170633753672951480 stripped
ParticleSystem:
  m_CorrespondingSourceObject: {fileID: 19800012, guid: 031d08f52af1daa4f929b85221519426,
    type: 3}
  m_PrefabInstance: {fileID: 8170633753653164404}
  m_PrefabAsset: {fileID: 0}
--- !u!1001 &8170633753687069888
PrefabInstance:
  m_ObjectHideFlags: 0
  serializedVersion: 2
  m_Modification:
    m_TransformParent: {fileID: 8170633753010852609}
    m_Modifications:
    - target: {fileID: -927199367670048503, guid: 0156ce82bc7348c418b317d676281a04,
        type: 3}
      propertyPath: m_Name
      value: Heavy
      objectReference: {fileID: 0}
    - target: {fileID: -927199367670048503, guid: 0156ce82bc7348c418b317d676281a04,
        type: 3}
      propertyPath: m_IsActive
      value: 0
      objectReference: {fileID: 0}
    - target: {fileID: 2185038173038918998, guid: 0156ce82bc7348c418b317d676281a04,
        type: 3}
      propertyPath: m_IsActive
      value: 0
      objectReference: {fileID: 0}
    - target: {fileID: -4216859302048453862, guid: 0156ce82bc7348c418b317d676281a04,
        type: 3}
      propertyPath: m_LocalPosition.x
      value: 0.19400004
      objectReference: {fileID: 0}
    - target: {fileID: -4216859302048453862, guid: 0156ce82bc7348c418b317d676281a04,
        type: 3}
      propertyPath: m_LocalPosition.y
      value: -0.30299914
      objectReference: {fileID: 0}
    - target: {fileID: -4216859302048453862, guid: 0156ce82bc7348c418b317d676281a04,
        type: 3}
      propertyPath: m_LocalPosition.z
      value: 0.63300043
      objectReference: {fileID: 0}
    - target: {fileID: -4216859302048453862, guid: 0156ce82bc7348c418b317d676281a04,
        type: 3}
      propertyPath: m_LocalRotation.x
      value: -0
      objectReference: {fileID: 0}
    - target: {fileID: -4216859302048453862, guid: 0156ce82bc7348c418b317d676281a04,
        type: 3}
      propertyPath: m_LocalRotation.y
      value: -0
      objectReference: {fileID: 0}
    - target: {fileID: -4216859302048453862, guid: 0156ce82bc7348c418b317d676281a04,
        type: 3}
      propertyPath: m_LocalRotation.z
      value: -0
      objectReference: {fileID: 0}
    - target: {fileID: -4216859302048453862, guid: 0156ce82bc7348c418b317d676281a04,
        type: 3}
      propertyPath: m_LocalRotation.w
      value: 1
      objectReference: {fileID: 0}
    - target: {fileID: -4216859302048453862, guid: 0156ce82bc7348c418b317d676281a04,
        type: 3}
      propertyPath: m_RootOrder
      value: 0
      objectReference: {fileID: 0}
    - target: {fileID: -4216859302048453862, guid: 0156ce82bc7348c418b317d676281a04,
        type: 3}
      propertyPath: m_LocalEulerAnglesHint.x
      value: 0
      objectReference: {fileID: 0}
    - target: {fileID: -4216859302048453862, guid: 0156ce82bc7348c418b317d676281a04,
        type: 3}
      propertyPath: m_LocalEulerAnglesHint.y
      value: 0
      objectReference: {fileID: 0}
    - target: {fileID: -4216859302048453862, guid: 0156ce82bc7348c418b317d676281a04,
        type: 3}
      propertyPath: m_LocalEulerAnglesHint.z
      value: 0
      objectReference: {fileID: 0}
    - target: {fileID: -4216859302048453862, guid: 0156ce82bc7348c418b317d676281a04,
        type: 3}
      propertyPath: m_LocalScale.x
      value: 5
      objectReference: {fileID: 0}
    - target: {fileID: -4216859302048453862, guid: 0156ce82bc7348c418b317d676281a04,
        type: 3}
      propertyPath: m_LocalScale.y
      value: 5
      objectReference: {fileID: 0}
    - target: {fileID: -4216859302048453862, guid: 0156ce82bc7348c418b317d676281a04,
        type: 3}
      propertyPath: m_LocalScale.z
      value: 5
      objectReference: {fileID: 0}
    - target: {fileID: 8902482683405020319, guid: 0156ce82bc7348c418b317d676281a04,
        type: 3}
      propertyPath: m_Materials.Array.data[0]
      value: 
      objectReference: {fileID: 2100000, guid: a1b65d5f98399414a898b25f26440b29, type: 2}
    - target: {fileID: -400654080228715849, guid: 0156ce82bc7348c418b317d676281a04,
        type: 3}
      propertyPath: m_Materials.Array.data[0]
      value: 
      objectReference: {fileID: 2100000, guid: a1b65d5f98399414a898b25f26440b29, type: 2}
    - target: {fileID: -3181085190648735501, guid: 0156ce82bc7348c418b317d676281a04,
        type: 3}
      propertyPath: m_Materials.Array.data[0]
      value: 
      objectReference: {fileID: 2100000, guid: a1b65d5f98399414a898b25f26440b29, type: 2}
    - target: {fileID: -4146408496860670950, guid: 0156ce82bc7348c418b317d676281a04,
        type: 3}
      propertyPath: m_Materials.Array.data[0]
      value: 
      objectReference: {fileID: 2100000, guid: a1b65d5f98399414a898b25f26440b29, type: 2}
    - target: {fileID: 3969877329313382993, guid: 0156ce82bc7348c418b317d676281a04,
        type: 3}
      propertyPath: m_Materials.Array.data[0]
      value: 
      objectReference: {fileID: 2100000, guid: a1b65d5f98399414a898b25f26440b29, type: 2}
    - target: {fileID: -6929668566226851110, guid: 0156ce82bc7348c418b317d676281a04,
        type: 3}
      propertyPath: m_Materials.Array.data[0]
      value: 
      objectReference: {fileID: 2100000, guid: a1b65d5f98399414a898b25f26440b29, type: 2}
    - target: {fileID: -8559998477640095279, guid: 0156ce82bc7348c418b317d676281a04,
        type: 3}
      propertyPath: m_Materials.Array.data[0]
      value: 
      objectReference: {fileID: 2100000, guid: a1b65d5f98399414a898b25f26440b29, type: 2}
    m_RemovedComponents: []
  m_SourcePrefab: {fileID: 100100000, guid: 0156ce82bc7348c418b317d676281a04, type: 3}
--- !u!4 &3754129438116954074 stripped
Transform:
  m_CorrespondingSourceObject: {fileID: -4216859302048453862, guid: 0156ce82bc7348c418b317d676281a04,
    type: 3}
  m_PrefabInstance: {fileID: 8170633753687069888}
  m_PrefabAsset: {fileID: 0}
--- !u!1 &162693694038396361 stripped
GameObject:
  m_CorrespondingSourceObject: {fileID: -927199367670048503, guid: 0156ce82bc7348c418b317d676281a04,
    type: 3}
  m_PrefabInstance: {fileID: 8170633753687069888}
  m_PrefabAsset: {fileID: 0}
--- !u!1001 &8170633753761456153
PrefabInstance:
  m_ObjectHideFlags: 0
  serializedVersion: 2
  m_Modification:
    m_TransformParent: {fileID: 3754129438346881507}
    m_Modifications:
    - target: {fileID: 100006, guid: 0438351a6e6422d43a09930e9be00ee9, type: 3}
      propertyPath: m_Name
      value: Flare
      objectReference: {fileID: 0}
    - target: {fileID: 100006, guid: 0438351a6e6422d43a09930e9be00ee9, type: 3}
      propertyPath: m_IsActive
      value: 1
      objectReference: {fileID: 0}
    - target: {fileID: 400006, guid: 0438351a6e6422d43a09930e9be00ee9, type: 3}
      propertyPath: m_LocalPosition.x
      value: -8.774818
      objectReference: {fileID: 0}
    - target: {fileID: 400006, guid: 0438351a6e6422d43a09930e9be00ee9, type: 3}
      propertyPath: m_LocalPosition.y
      value: -28.041998
      objectReference: {fileID: 0}
    - target: {fileID: 400006, guid: 0438351a6e6422d43a09930e9be00ee9, type: 3}
      propertyPath: m_LocalPosition.z
      value: 17.770956
      objectReference: {fileID: 0}
    - target: {fileID: 400006, guid: 0438351a6e6422d43a09930e9be00ee9, type: 3}
      propertyPath: m_LocalRotation.x
      value: -0
      objectReference: {fileID: 0}
    - target: {fileID: 400006, guid: 0438351a6e6422d43a09930e9be00ee9, type: 3}
      propertyPath: m_LocalRotation.y
      value: -0
      objectReference: {fileID: 0}
    - target: {fileID: 400006, guid: 0438351a6e6422d43a09930e9be00ee9, type: 3}
      propertyPath: m_LocalRotation.z
      value: -0
      objectReference: {fileID: 0}
    - target: {fileID: 400006, guid: 0438351a6e6422d43a09930e9be00ee9, type: 3}
      propertyPath: m_LocalRotation.w
      value: 1
      objectReference: {fileID: 0}
    - target: {fileID: 400006, guid: 0438351a6e6422d43a09930e9be00ee9, type: 3}
      propertyPath: m_RootOrder
      value: 12
      objectReference: {fileID: 0}
    - target: {fileID: 400006, guid: 0438351a6e6422d43a09930e9be00ee9, type: 3}
      propertyPath: m_LocalEulerAnglesHint.x
      value: 0
      objectReference: {fileID: 0}
    - target: {fileID: 400006, guid: 0438351a6e6422d43a09930e9be00ee9, type: 3}
      propertyPath: m_LocalEulerAnglesHint.y
      value: 0
      objectReference: {fileID: 0}
    - target: {fileID: 400006, guid: 0438351a6e6422d43a09930e9be00ee9, type: 3}
      propertyPath: m_LocalEulerAnglesHint.z
      value: 0
      objectReference: {fileID: 0}
    - target: {fileID: 400006, guid: 0438351a6e6422d43a09930e9be00ee9, type: 3}
      propertyPath: m_LocalScale.x
      value: 0.0050000004
      objectReference: {fileID: 0}
    - target: {fileID: 400006, guid: 0438351a6e6422d43a09930e9be00ee9, type: 3}
      propertyPath: m_LocalScale.y
      value: 0.0050000004
      objectReference: {fileID: 0}
    - target: {fileID: 400006, guid: 0438351a6e6422d43a09930e9be00ee9, type: 3}
      propertyPath: m_LocalScale.z
      value: 0.0050000004
      objectReference: {fileID: 0}
    - target: {fileID: 19800004, guid: 0438351a6e6422d43a09930e9be00ee9, type: 3}
      propertyPath: lengthInSec
      value: 0.2
      objectReference: {fileID: 0}
    - target: {fileID: 19800004, guid: 0438351a6e6422d43a09930e9be00ee9, type: 3}
      propertyPath: looping
      value: 0
      objectReference: {fileID: 0}
    - target: {fileID: 19800004, guid: 0438351a6e6422d43a09930e9be00ee9, type: 3}
      propertyPath: InitialModule.startSize.minScalar
      value: 0
      objectReference: {fileID: 0}
    - target: {fileID: 19800004, guid: 0438351a6e6422d43a09930e9be00ee9, type: 3}
      propertyPath: InitialModule.startSize.scalar
      value: 1
      objectReference: {fileID: 0}
    - target: {fileID: 19800004, guid: 0438351a6e6422d43a09930e9be00ee9, type: 3}
      propertyPath: InitialModule.startSize.minMaxState
      value: 0
      objectReference: {fileID: 0}
    - target: {fileID: 19800004, guid: 0438351a6e6422d43a09930e9be00ee9, type: 3}
      propertyPath: InitialModule.startSizeY.minMaxState
      value: 0
      objectReference: {fileID: 0}
    - target: {fileID: 19800004, guid: 0438351a6e6422d43a09930e9be00ee9, type: 3}
      propertyPath: InitialModule.startSizeZ.minMaxState
      value: 0
      objectReference: {fileID: 0}
    m_RemovedComponents: []
  m_SourcePrefab: {fileID: 100100000, guid: 0438351a6e6422d43a09930e9be00ee9, type: 3}
--- !u!1 &8170633753761490623 stripped
GameObject:
  m_CorrespondingSourceObject: {fileID: 100006, guid: 0438351a6e6422d43a09930e9be00ee9,
    type: 3}
  m_PrefabInstance: {fileID: 8170633753761456153}
  m_PrefabAsset: {fileID: 0}
--- !u!1001 &8170633753917981433
PrefabInstance:
  m_ObjectHideFlags: 0
  serializedVersion: 2
  m_Modification:
    m_TransformParent: {fileID: 8170633753010852609}
    m_Modifications:
    - target: {fileID: -927199367670048503, guid: 92bb7031850d96648910acf73c3bac97,
        type: 3}
      propertyPath: m_Name
      value: Sniper
      objectReference: {fileID: 0}
    - target: {fileID: -927199367670048503, guid: 92bb7031850d96648910acf73c3bac97,
        type: 3}
      propertyPath: m_IsActive
      value: 0
      objectReference: {fileID: 0}
    - target: {fileID: 6510080750471358040, guid: 92bb7031850d96648910acf73c3bac97,
        type: 3}
      propertyPath: m_IsActive
      value: 0
      objectReference: {fileID: 0}
    - target: {fileID: -4216859302048453862, guid: 92bb7031850d96648910acf73c3bac97,
        type: 3}
      propertyPath: m_LocalPosition.x
      value: 0.055
      objectReference: {fileID: 0}
    - target: {fileID: -4216859302048453862, guid: 92bb7031850d96648910acf73c3bac97,
        type: 3}
      propertyPath: m_LocalPosition.y
      value: -0.061
      objectReference: {fileID: 0}
    - target: {fileID: -4216859302048453862, guid: 92bb7031850d96648910acf73c3bac97,
        type: 3}
      propertyPath: m_LocalPosition.z
      value: 0.159
      objectReference: {fileID: 0}
    - target: {fileID: -4216859302048453862, guid: 92bb7031850d96648910acf73c3bac97,
        type: 3}
      propertyPath: m_LocalRotation.x
      value: 0
      objectReference: {fileID: 0}
    - target: {fileID: -4216859302048453862, guid: 92bb7031850d96648910acf73c3bac97,
        type: 3}
      propertyPath: m_LocalRotation.y
      value: 0
      objectReference: {fileID: 0}
    - target: {fileID: -4216859302048453862, guid: 92bb7031850d96648910acf73c3bac97,
        type: 3}
      propertyPath: m_LocalRotation.z
      value: 0
      objectReference: {fileID: 0}
    - target: {fileID: -4216859302048453862, guid: 92bb7031850d96648910acf73c3bac97,
        type: 3}
      propertyPath: m_LocalRotation.w
      value: 1
      objectReference: {fileID: 0}
    - target: {fileID: -4216859302048453862, guid: 92bb7031850d96648910acf73c3bac97,
        type: 3}
      propertyPath: m_RootOrder
      value: 1
      objectReference: {fileID: 0}
    - target: {fileID: -4216859302048453862, guid: 92bb7031850d96648910acf73c3bac97,
        type: 3}
      propertyPath: m_LocalEulerAnglesHint.x
      value: 0
      objectReference: {fileID: 0}
    - target: {fileID: -4216859302048453862, guid: 92bb7031850d96648910acf73c3bac97,
        type: 3}
      propertyPath: m_LocalEulerAnglesHint.y
      value: 0
      objectReference: {fileID: 0}
    - target: {fileID: -4216859302048453862, guid: 92bb7031850d96648910acf73c3bac97,
        type: 3}
      propertyPath: m_LocalEulerAnglesHint.z
      value: 0
      objectReference: {fileID: 0}
    - target: {fileID: 8978181486727613655, guid: 92bb7031850d96648910acf73c3bac97,
        type: 3}
      propertyPath: m_Materials.Array.data[0]
      value: 
      objectReference: {fileID: 2100000, guid: a1794430009389746a6389e51bafe041, type: 2}
    - target: {fileID: 7411538541148591408, guid: 92bb7031850d96648910acf73c3bac97,
        type: 3}
      propertyPath: m_Materials.Array.data[0]
      value: 
      objectReference: {fileID: 2100000, guid: 8bda0fb2ce74fd14a8a50ac0372c97f6, type: 2}
    - target: {fileID: -3418867277378591997, guid: 92bb7031850d96648910acf73c3bac97,
        type: 3}
      propertyPath: m_Materials.Array.data[0]
      value: 
      objectReference: {fileID: 2100000, guid: 8bda0fb2ce74fd14a8a50ac0372c97f6, type: 2}
    - target: {fileID: -3186693548157782666, guid: 92bb7031850d96648910acf73c3bac97,
        type: 3}
      propertyPath: m_Materials.Array.data[0]
      value: 
      objectReference: {fileID: 2100000, guid: a1794430009389746a6389e51bafe041, type: 2}
    - target: {fileID: 6497065271318296525, guid: 92bb7031850d96648910acf73c3bac97,
        type: 3}
      propertyPath: m_Materials.Array.data[0]
      value: 
      objectReference: {fileID: 2100000, guid: a1794430009389746a6389e51bafe041, type: 2}
    - target: {fileID: 4689894687605312045, guid: 92bb7031850d96648910acf73c3bac97,
        type: 3}
      propertyPath: m_Materials.Array.data[0]
      value: 
      objectReference: {fileID: 2100000, guid: a1794430009389746a6389e51bafe041, type: 2}
    - target: {fileID: 2342693322082176653, guid: 92bb7031850d96648910acf73c3bac97,
        type: 3}
      propertyPath: m_Materials.Array.data[0]
      value: 
      objectReference: {fileID: 2100000, guid: 8bda0fb2ce74fd14a8a50ac0372c97f6, type: 2}
    - target: {fileID: 2933108652988989244, guid: 92bb7031850d96648910acf73c3bac97,
        type: 3}
      propertyPath: m_Materials.Array.data[0]
      value: 
      objectReference: {fileID: 2100000, guid: a1794430009389746a6389e51bafe041, type: 2}
    - target: {fileID: 2011323173292187387, guid: 92bb7031850d96648910acf73c3bac97,
        type: 3}
      propertyPath: m_Materials.Array.data[0]
      value: 
      objectReference: {fileID: 2100000, guid: 8bda0fb2ce74fd14a8a50ac0372c97f6, type: 2}
    - target: {fileID: 2070826254001530129, guid: 92bb7031850d96648910acf73c3bac97,
        type: 3}
      propertyPath: m_Materials.Array.data[0]
      value: 
      objectReference: {fileID: 2100000, guid: 8bda0fb2ce74fd14a8a50ac0372c97f6, type: 2}
    - target: {fileID: 400451763957941559, guid: 92bb7031850d96648910acf73c3bac97,
        type: 3}
      propertyPath: m_Materials.Array.data[0]
      value: 
      objectReference: {fileID: 2100000, guid: a1794430009389746a6389e51bafe041, type: 2}
    m_RemovedComponents: []
  m_SourcePrefab: {fileID: 100100000, guid: 92bb7031850d96648910acf73c3bac97, type: 3}
--- !u!4 &3754129438346881507 stripped
Transform:
  m_CorrespondingSourceObject: {fileID: -4216859302048453862, guid: 92bb7031850d96648910acf73c3bac97,
    type: 3}
  m_PrefabInstance: {fileID: 8170633753917981433}
  m_PrefabAsset: {fileID: 0}
--- !u!1 &162693694335900656 stripped
GameObject:
  m_CorrespondingSourceObject: {fileID: -927199367670048503, guid: 92bb7031850d96648910acf73c3bac97,
    type: 3}
  m_PrefabInstance: {fileID: 8170633753917981433}
  m_PrefabAsset: {fileID: 0}
